@book{lamport1994latex,
  title={{LATEX}: The Detailed Analysis of Cyber Attacks and Their Countermeasures to Prevent Them Effectively},
  author={Whitman, M.E.,Mattord, H.J},
  year={2022},
  publisher={Principle of Information Security}
}


@article{aspers2019qualitative,
  author = {Aspers, Patrik and Corte, Ugo},
  title = {What Is Qualitative in Qualitative Research},
  journal = {Qualitative Sociology},
  volume = {42},
  number = {2},
  pages = {139--160},
  year = {2019},
  doi = {10.1007/s11133-019-9413-7},
}

@article{borgstede2021quantitative,
  author = {Borgstede, Martin and Scholz, Markus},
  title = {Quantitative and Qualitative Approaches to Generalization and Replication--A Representationalist View},
  journal = {Frontiers in Psychology},
  volume = {12},
  number = {1},
  pages = {1--9},
  year = {2021},
  doi = {10.3389/fpsyg.2021.605191},
}

@article{altulaihan2022cybersecurity,
  author = {Altulaihan, E. and Almaiah, M.A. and Aljughaiman, A.},
  title = {Cybersecurity Threats, Countermeasures and Mitigation Techniques on the IoT: Future Research Directions},
  journal = {Electronics},
  volume = {11},
  number = {20},
  year = {2022},
  doi = {10.3390/electronics11203330},
  url = {https://doi.org/10.3390/electronics11203330},
}

@article{poornima2023cyber,
  author = {Poornima, B.},
  title = {Cyber Preparedness of the Indian Armed Forces},
  journal = {Journal of Asian Security and International Affairs},
  volume = {10},
  number = {3},
  pages = {301--324},
  year = {2023},
  doi = {10.1177/23477970231207250},
  url = {https://doi.org/10.1177/23477970231207250},
}

